<record><leader>00000cas a22000007a 4500</leader><controlfield tag="001">10896932</controlfield><controlfield tag="008">840628d1869189uiauwr ne      0    0eng d</controlfield><datafield ind1=" " ind2=" " tag="010"><subfield code="a">sn 84027144 </subfield></datafield><datafield ind1=" " ind2=" " tag="040"><subfield code="a">NPU</subfield><subfield code="b">eng</subfield><subfield code="c">NPU</subfield><subfield code="d">NPX</subfield><subfield code="d">INP</subfield><subfield code="d">OCLCQ</subfield></datafield><datafield ind1=" " ind2=" " tag="042"><subfield code="a">msc</subfield></datafield><datafield ind1="0" ind2="4" tag="245"><subfield code="a">The Eldora weekly ledger.</subfield></datafield><datafield ind1="1" ind2="3" tag="246"><subfield code="a">Eldora ledger</subfield><subfield code="f">&lt;June 3, 1881-Dec. 29, 1892&gt;</subfield></datafield><datafield ind1="1" ind2="7" tag="246"><subfield code="a">Ledger</subfield><subfield code="f">&lt;Nov. 22, 1872&gt;</subfield></datafield><datafield ind1=" " ind2=" " tag="260"><subfield code="a">Eldora, Iowa :</subfield><subfield code="b">R.H. McBride,</subfield><subfield code="c">1869-</subfield></datafield><datafield ind1=" " ind2=" " tag="300"><subfield code="a">v. :</subfield><subfield code="b">ill. (chiefly advertisements) ;</subfield><subfield code="c">54-71 cm.</subfield></datafield><datafield ind1=" " ind2=" " tag="310"><subfield code="a">Weekly</subfield></datafield><datafield ind1="0" ind2=" " tag="362"><subfield code="a">Vol. 4, no. 23 (July 2, 1869)-</subfield></datafield><datafield ind1=" " ind2=" " tag="500"><subfield code="a">Publisher varies.</subfield></datafield><datafield ind1=" " ind2=" " tag="500"><subfield code="a">"Devoted to literature, science, local and general news," Aug. 2, 1888-Aug. 25, 1892.</subfield></datafield><datafield ind1=" " ind2=" " tag="500"><subfield code="a">Editors: R.H. McBride, &lt;Nov. 22, 1872&gt;; J. Dolph, &lt;Jan. 29, 1885&gt;- May 22, 1890; H.F. Dolph, May 29, 1890-Aug. 25, 1892.</subfield></datafield><datafield ind1=" " ind2=" " tag="525"><subfield code="a">Aug. 25, 1892, issue includes supplement.</subfield></datafield><datafield ind1=" " ind2=" " tag="752"><subfield code="a">United States</subfield><subfield code="b">Iowa</subfield><subfield code="c">Hardin</subfield><subfield code="d">Eldora.</subfield></datafield><datafield ind1="0" ind2="0" tag="780"><subfield code="t">Eldora ledger (Eldora, Iowa : 1866)</subfield><subfield code="w">(DLC)sn 82014468</subfield></datafield><datafield ind1="0" ind2="0" tag="785"><subfield code="t">Eldora ledger (Eldora, Iowa : 1893)</subfield><subfield code="w">(DLC)sn 85050977</subfield></datafield><datafield ind1="1" ind2=" " tag="029"><subfield code="a">AU@</subfield><subfield code="b">000025787730</subfield></datafield></record>